<record><leader>00000cas a22000007a 4500</leader><controlfield tag="001">16656594</controlfield><controlfield tag="008">870909d18981899iauwr ne      0    0eng d</controlfield><datafield ind1=" " ind2=" " tag="010"><subfield code="a">sn 87057826 </subfield></datafield><datafield ind1=" " ind2=" " tag="040"><subfield code="a">INP</subfield><subfield code="b">eng</subfield><subfield code="c">INP</subfield><subfield code="d">OCLCQ</subfield></datafield><datafield ind1=" " ind2=" " tag="042"><subfield code="a">msc</subfield></datafield><datafield ind1="0" ind2="4" tag="245"><subfield code="a">The Era-headlight.</subfield></datafield><datafield ind1=" " ind2=" " tag="260"><subfield code="a">Grand Junction, Iowa :</subfield><subfield code="b">W.H. Kettell,</subfield><subfield code="c">1898-1899.</subfield></datafield><datafield ind1=" " ind2=" " tag="300"><subfield code="a">2 v.</subfield></datafield><datafield ind1=" " ind2=" " tag="310"><subfield code="a">Weekly</subfield></datafield><datafield ind1="0" ind2=" " tag="362"><subfield code="a">Vol. 29, no. 26 (July 1, 1898)-v. 30, no. 30 (July 28, 1899) = whole no. 1486-1542.</subfield></datafield><datafield ind1=" " ind2=" " tag="752"><subfield code="a">United States</subfield><subfield code="b">Iowa</subfield><subfield code="c">Greene</subfield><subfield code="d">Grand Junction.</subfield></datafield><datafield ind1="0" ind2="4" tag="780"><subfield code="t">New era (Grand Junction, Iowa)</subfield></datafield><datafield ind1="0" ind2="4" tag="780"><subfield code="t">Grand Junction head-light</subfield><subfield code="w">(DLC)sn 84027154</subfield></datafield><datafield ind1="0" ind2="0" tag="785"><subfield code="t">Headlight (Grand Junction, Iowa)</subfield></datafield></record>